@ARTICLE{MalloryPetes:Tel1,
        address      = "",
        annote       = "",
        author       = "Mallory, JC and Petes, TD",
        booktitle    = "",
        chapter      = "",
        edition      = "",
        editor       = "",
        howpublished = "",
        institution  = "",
        journal      = "Proc. Natl. Acad. Sci. U.S.A.",
        key          = "",
        month        = "",
        note         = "",
        number       = "25",
        organization = "",
        pages        = "13749-54",
        publisher    = "",
        school       = "",
        series       = "",
        title        = "Protein kinase activity of {Tel1p} and {Mec1p}, two {{\\\\\\\\em Saccharomyces cerevisiae}} proteins related to the human {ATM} protein kinase",
        type         = "",
        volume       = "97",
	year         = "2000"}

@ARTICLE{RitchiePetes:TelomereMaintenence,
        address      = "",
        annote       = "",
        author       = "Ritchie, KB and Petes, TD",
        booktitle    = "",
        chapter      = "",
        edition      = "",
        editor       = "",
        howpublished = "",
        institution  = "",
        journal      = "Genetics",
        key          = "",
        month        = "",
        note         = "",
        number       = "1",
        organization = "",
        pages        = "475-9",
        publisher    = "",
        school       = "",
        series       = "",
        title        = "The {Mre11p/Rad50p/Xrs2p} complex and the {Tel1p} function in a single pathway for telomere maintenance in yeast",
        type         = "",
        volume       = "155",
	year         = "2000"}

@ARTICLE{CravenETAL:Tel1Mec1,
        address      = "",
        annote       = "",
        author       = "Craven, RJ and Greenwell, PW and Dominska, M and Petes, TD",
        booktitle    = "",
        chapter      = "",
        edition      = "",
        editor       = "",
        howpublished = "",
        institution  = "",
        journal      = "Genetics",
        key          = "",
        month        = "",
        note         = "",
        number       = "2",
        organization = "",
        pages        = "493-507",
        publisher    = "",
        school       = "",
        series       = "",
        title        = "{Regulation of genome stability by TEL1 and MEC1, yeast homologs of the mammalian ATM and ATR genes}",
        type         = "",
        volume       = "161",
	year         = "2002"}

@ARTICLE{NakadaETAL:Tel1Scheck,
        address      = "",
        annote       = "",
        author       = "Nakada, D and others",
        booktitle    = "",
        chapter      = "",
        edition      = "",
        editor       = "",
        howpublished = "",
        institution  = "",
        journal      = "Nucleic Acids Res.",
        key          = "",
        month        = "",
        note         = "",
        number       = "6",
        organization = "",
        pages        = "1715-24",
        publisher    = "",
        school       = "",
        series       = "",
        title        = "{The ATM-related Tel1 protein of Saccharomyces cerevisiae controls a checkpoint response following phleomycin treatment}",
        type         = "",
        volume       = "31",
	year         = "2003"}

@ARTICLE{GiannattasioETAL:Tel1G2check,
        address      = "",
        annote       = "",
        author       = "Giannattasio, M and others",
        booktitle    = "",
        chapter      = "",
        edition      = "",
        editor       = "",
        howpublished = "",
        institution  = "",
        journal      = "Proc. Natl. Acad. Sci. U.S.A.",
        key          = "",
        month        = "",
        note         = "",
        number       = "20",
        organization = "",
        pages        = "12997-3002",
        publisher    = "",
        school       = "",
        series       = "",
        title        = "{A dominant-negative MEC3 mutant uncovers new functions for the Rad17 complex and Tel1}",
        type         = "",
        volume       = "99",
	year         = "2002"}

@ARTICLE{BLAST,
        address      = "",
        annote       = "",
        author       = "Altschul, SF and others",
        booktitle    = "",
        chapter      = "",
        edition      = "",
        editor       = "",
        howpublished = "",
        institution  = "",
        journal      = "J. of Mol. Biol.",
        key          = "",
        month        = "",
        note         = "",
        number       = "",
        organization = "",
        pages        = "403-10",
        publisher    = "",
        school       = "",
        series       = "",
        title        = "{Basic local alignment search tool}",
        type         = "",
        volume       = "215",
	year         = "1990"}

@ARTICLE{Ingram:SickleCell,
        address      = "",
        annote       = "",
        author       = "Ingram, VM",
        booktitle    = "",
        chapter      = "",
        edition      = "",
        editor       = "",
        howpublished = "",
        institution  = "",
        journal      = "Nature",
        key          = "",
        month        = "",
        note         = "",
        number       = "4537",
        organization = "",
        pages        = "792-4",
        publisher    = "",
        school       = "",
        series       = "",
        title        = "{A specific chemical difference between the globins of normal human and sickle-cell anaemia haemoglobin}",
        type         = "",
        volume       = "178",
	year         = "1956"}

@ARTICLE{Knudson:twohit,
        address      = "",
        annote       = "",
        author       = "Knudson, AG",
        booktitle    = "",
        chapter      = "",
        edition      = "",
        editor       = "",
        howpublished = "",
        institution  = "",
        journal      = "Proc. Natl. Acad. Sci. U.S.A.",
        key          = "",
        month        = "",
        note         = "",
        number       = "",
        organization = "",
        pages        = "820-823",
        publisher    = "",
        school       = "",
        series       = "",
        title        = "{Mutation and cancer: a statistical study of retinoblastoma}",
        type         = "",
        volume       = "68",
	year         = "1971"}

@ARTICLE{HartwellETAL:cdc1,
        address      = "",
        annote       = "",
        author       = "Hartwell, Leland H. and Culotti, Joseph and Reid, Brian",
        booktitle    = "",
        chapter      = "",
        edition      = "",
        editor       = "",
        howpublished = "",
        institution  = "",
        journal      = "Proc. Natl. Acad. Sci. U.S.A.",
        key          = "",
        month        = "",
        note         = "",
        number       = "2",
        organization = "",
        pages        = "352-9",
        publisher    = "",
        school       = "",
        series       = "",
        title        = "{Genetic Control of the Cell-Division Cycle in Yeast, I. Detection of Mutants}",
        type         = "",
        volume       = "66",
	year         = "1970"}

@ARTICLE{EphrussiETAL:cancer,
        address      = "",
        annote       = "",
        author       = "Ephrussi, B and others",
        booktitle    = "",
        chapter      = "",
        edition      = "",
        editor       = "",
        howpublished = "",
        institution  = "",
        journal      = "Nature",
        key          = "",
        month        = "",
        note         = "",
        number       = "226",
        organization = "",
        pages        = "1314-6",
        publisher    = "",
        school       = "",
        series       = "",
        title        = "{Malignancy of somatic cell hybrids}",
        type         = "",
        volume       = "224",
	year         = "1969"}

@ARTICLE{Duster:race,
        address      = "",
        annote       = "",
        author       = "Duster, T.",
        booktitle    = "",
        chapter      = "",
        edition      = "",
        editor       = "",
        howpublished = "",
        institution  = "",
        journal      = "Science",
        key          = "",
        month        = "",
        note         = "",
        number       = "5712",
        organization = "",
        pages        = "1050-1",
        publisher    = "",
        school       = "",
        series       = "",
        title        = "{Race and reification in science}",
        type         = "",
        volume       = "307",
	year         = "2005"}

@ARTICLE{JordeWooding:race,
        address      = "",
        annote       = "",
        author       = "Jorde, Lynn B. and Wooding, Stephen P.",
        booktitle    = "",
        chapter      = "",
        edition      = "",
        editor       = "",
        howpublished = "",
        institution  = "",
        journal      = "Nature Genetics",
        key          = "",
        month        = "",
        note         = "",
        number       = "11",
        organization = "",
        pages        = "S28-S33",
        publisher    = "",
        school       = "",
        series       = "",
        title        = "{Genetic variation, classification, and `race'}",
        type         = "",
        volume       = "36",
	year         = "2004"}

@ARTICLE{ZouETAL:sentinel,
        address      = "",
        annote       = "",
        author       = "Zou, Ying and Sfeir, Agnel and Gryaznov, Sergei M. and Shay, Jerry W. and Wright, Woodring E.",
        booktitle    = "",
        chapter      = "",
        edition      = "",
        editor       = "",
        howpublished = "",
        institution  = "",
        journal      = "Mol. Biol. Cell",
        key          = "",
        month        = "",
        note         = "",
        number       = "",
        organization = "",
        pages        = "3709Ð3718",
        publisher    = "",
        school       = "",
        series       = "",
        title        = "{Does a Sentinel or a Subset of Short Telomeres Determine Replicative Senescence?}",
        type         = "",
        volume       = "15",
	year         = "2004"}

@ARTICLE{EpelETAL:lifestressedtelomeres,
        address      = "",
        annote       = "",
        author       = "Epel, Elissa S. and Blackburn, Elizabeth H. and Lin, Jue and Dhabhar, Firdaus S. and Adler, Nancy E. and Morrow, Jason D. and Cawthon, Richard M.",
        booktitle    = "",
        chapter      = "",
        edition      = "",
        editor       = "",
        howpublished = "",
        institution  = "",
        journal      = "Proc. Natl. Acad. Sci. U.S.A.",
        key          = "",
        month        = "",
        note         = "",
        number       = "49",
        organization = "",
        pages        = "17312-17315",
        publisher    = "",
        school       = "",
        series       = "",
        title        = "{Accelerated telomere shortening in response to life stress}",
        type         = "",
        volume       = "101",
	year         = "2004"}

@BOOK{HartwellETAL:genetics,
        address      = "",
        annote       = "",
        author       = "Hartwell, Leland H. and others",
        booktitle    = "",
        chapter      = "",
        edition      = "",
        editor       = "",
        howpublished = "",
        institution  = "",
        journal      = "",
        key          = "",
        month        = "",
        note         = "",
        number       = "",
        organization = "",
        pages        = "",
        publisher    = "McGraw-Hill",
        school       = "",
        series       = "",
        title        = "{Genetics: from Genes to Genomes}",
        type         = "",
        volume       = "",
	year         = "2000"}

@BOOK{Lewontin:race,
        address      = "New York",
        annote       = "",
        author       = "Lewontin, Richard",
        booktitle    = "",
        chapter      = "",
        edition      = "",
        editor       = "",
        howpublished = "",
        institution  = "",
        journal      = "",
        key          = "",
        month        = "",
        note         = "",
        number       = "",
        organization = "",
        pages        = "",
        publisher    = "Scientific American Library",
        school       = "",
        series       = "",
        title        = "{Human diversity}",
        type         = "",
        volume       = "",
	year         = "1995"}

@BOOK{Darwin:origin,
        address      = "New York",
        annote       = "",
        author       = "Darwin, Charles",
        booktitle    = "",
        chapter      = "",
        edition      = "",
        editor       = "",
        howpublished = "",
        institution  = "",
        journal      = "",
        key          = "",
        month        = "",
        note         = "",
        number       = "",
        organization = "",
        pages        = "",
        publisher    = "Penguin Classics",
        school       = "",
        series       = "",
        title        = "{The Origin of Species}",
        type         = "",
        volume       = "",
	year         = "1859"}

@BOOK{Lohr:Sampling,
        address      = "Pacific Grove, CA",
        annote       = "",
        author       = "Lohr, Sharon L.",
        booktitle    = "Sampling: Design and Analysis",
        chapter      = "",
        edition      = "",
        editor       = "",
        howpublished = "",
        institution  = "",
        journal      = "",
        key          = "",
        month        = "",
        note         = "",
        number       = "",
        organization = "",
        pages        = "",
        publisher    = "Duxbury Press",
        school       = "",
        series       = "",
        title        = "Sampling: Design and Analysis",
        type         = "",
        volume       = "",
	year         = "1999"}

@BOOK{PFT:C,
        address      = "",
        annote       = "",
        author       = "Flannery, Brian P. and Teukolsky, Saul A.",
        booktitle    = "",
        chapter      = "",
        edition      = "Second",
        editor       = "",
        howpublished = "",
        institution  = "",
        journal      = "",
        key          = "",
        month        = "",
        note         = "",
        number       = "",
        organization = "",
        pages        = "",
        publisher    = "Cambridge University Press",
        school       = "",
        series       = "",
        title        = "Numerical Recipes in C: The Art of Scientific Computing",
        type         = "",
        volume       = "",
	year         = "1992"}

@EXAMPLE{Author:Title,
        address      = "New York",
        annote       = "",
        author       = "Hocking, Toby Dylan and Lankin, Denis and others",
        booktitle    = "{Don't use this unless citing part of a book}",
        chapter      = "",
        edition      = "Second",
        editor       = "{Same as author}",
        howpublished = "Web: http://my.server.edu/~user",
        institution  = "",
        journal      = "J Human Anat",
        key          = "",
        month        = "Dec",
        note         = "Examine the URL: http://www.berkeley.edu",
        number       = "12:5",
        organization = "",
        pages        = "7,41,73--97",
        publisher    = "",
        school       = "",
        series       = "",
        title        = "{Use Brackets for Caps}",
        type         = "",
        volume       = "",
	year         = "1984"}

@misc{wiki:lcg,
        address      = "",
        annote       = "",
        author       = "Various authors",
        booktitle    = "",
        chapter      = "",
        edition      = "",
        editor       = "",
        howpublished = "",
        institution  = "",
        journal      = "",
        key          = "",
        month        = "Dec",
        note         = "\\\\\\\\url{http://en.wikipedia.org/wiki/Lcg}",
        number       = "",
        organization = "",
        pages        = "",
        publisher    = "",
        school       = "",
        series       = "",
        title        = "",
        type         = "",
        volume       = "",
	year         = "2005"}

@book{LA,
        address      = "Upper Saddle River, NJ",
        annote       = "",
        author       = "Friedberg, Stephen H. and Insel, Arnold J. and Spence, Lawrence E.",
        booktitle    = "",
        chapter      = "",
        edition      = "Fourth",
        editor       = "",
        howpublished = "",
        institution  = "",
        journal      = "",
        key          = "",
        month        = "",
        note         = "",
        number       = "",
        organization = "",
        pages        = "",
        publisher    = "Prentice-Hall, Inc.",
        school       = "",
        series       = "",
        title        = "Linear Algebra",
        type         = "",
        volume       = "",
	year         = "2003"}

@book{Stewart:Calculus,
        address      = "",
        annote       = "",
        author       = "Stewart, James",
        booktitle    = "",
        chapter      = "",
        edition      = "Fourth",
        editor       = "",
        howpublished = "",
        institution  = "",
        journal      = "",
        key          = "",
        month        = "",
        note         = "",
        number       = "",
        organization = "",
        pages        = "",
        publisher    = "Brooks/Cole",
        school       = "",
        series       = "",
        title        = "Calculus: Early Transcendentals",
        type         = "",
        volume       = "",
	year         = ""}

@book{Campbell:Biology,
        address      = "Redwood City, CA",
        annote       = "",
        author       = "Campbell, Neil A.",
        booktitle    = "",
        chapter      = "",
        edition      = "Third",
        editor       = "",
        howpublished = "",
        institution  = "",
        journal      = "",
        key          = "",
        month        = "",
        note         = "",
        number       = "",
        organization = "",
        pages        = "",
        publisher    = "Benjamin/Cummings",
        school       = "",
        series       = "Benjamin/Cummings series in the life sciences",
        title        = "Biology",
        type         = "",
        volume       = "",
	year         = "1993"}

@book{Rice:Stats,
        address      = "Belmont, CA",
        annote       = "",
        author       = "Rice, John A.",
        booktitle    = "",
        chapter      = "",
        edition      = "Second",
        editor       = "",
        howpublished = "",
        institution  = "",
        journal      = "",
        key          = "",
        month        = "",
        note         = "",
        number       = "",
        organization = "",
        pages        = "",
        publisher    = "Duxbury Press",
        school       = "",
        series       = "",
        title        = "Mathematical Statistics and Data Analysis",
        type         = "",
        volume       = "",
	year         = "1995"}

@inbook{Lohr:rake,
        address      = "Pacific Grove, CA",
        annote       = "",
        author       = "Lohr, Sharon L.",
        booktitle    = "",
        chapter      = "",
        edition      = "",
        editor       = "",
        howpublished = "",
        institution  = "",
        journal      = "",
        key          = "",
        month        = "",
        note         = "",
        number       = "",
        organization = "",
        pages        = "269--271",
        publisher    = "Duxbury Press",
        school       = "",
        series       = "",
        title        = "Sampling: Design and Analysis",
        type         = "",
        volume       = "",
	year         = "1999"}

@inbook{Lohr:certify,
        address      = "Pacific Grove, CA",
        annote       = "",
        author       = "Lohr, Sharon L.",
        booktitle    = "",
        chapter      = "",
        edition      = "",
        editor       = "",
        howpublished = "",
        institution  = "",
        journal      = "",
        key          = "",
        month        = "",
        note         = "",
        number       = "",
        organization = "",
        pages        = "439",
        publisher    = "Duxbury Press",
        school       = "",
        series       = "",
        title        = "Sampling: Design and Analysis",
        type         = "",
        volume       = "",
	year         = "1999"}

@book{Montgomery:LR,
        address      = "",
        annote       = "",
        author       = "Montgomery, D. and others",
        booktitle    = "",
        chapter      = "",
        edition      = "Third",
        editor       = "",
        howpublished = "",
        institution  = "",
        journal      = "",
        key          = "",
        month        = "",
        note         = "",
        number       = "",
        organization = "",
        pages        = "",
        publisher    = "Wiley",
        school       = "",
        series       = "",
        title        = "Introduction to Linear Regression Analysis",
        type         = "",
        volume       = "",
	year         = "2001"}

@book{Seber:LR,
        address      = "Hoboken, NJ",
        annote       = "",
        author       = "Seber, G. A. F.",
        booktitle    = "",
        chapter      = "",
        edition      = "Second",
        editor       = "",
        howpublished = "",
        institution  = "",
        journal      = "",
        key          = "",
        month        = "",
        note         = "",
        number       = "",
        organization = "",
        pages        = "",
        publisher    = "Wiley",
        school       = "",
        series       = "Wiley series in probability and statistics",
        title        = "Linear regression analysis",
        type         = "",
        volume       = "",
	year         = "2003"}

@book{budinger:ethics,
        address      = "",
        annote       = "",
        author       = "Budinger, Thomas F. and Budinger, Miriam D.",
        booktitle    = "",
        chapter      = "",
        edition      = "",
        editor       = "",
        howpublished = "",
        institution  = "",
        journal      = "",
        key          = "",
        month        = "",
        note         = "",
        number       = "",
        organization = "",
        pages        = "",
        publisher    = "John Wiley and sons, Inc.",
        school       = "",
        series       = "",
        title        = "Ethics of the Emerging Technologies",
        type         = "",
        volume       = "",
	year         = "2006"}

@article{aCGHcomparison2005,
        address      = "",
        annote       = "",
        author       = "Willenbrock, Hanni and Fridlyand, Jane",
        booktitle    = "",
        chapter      = "",
        edition      = "",
        editor       = "",
        howpublished = "",
        institution  = "",
        journal      = "Bioinformatics",
        key          = "",
        month        = "",
        note         = "",
        number       = "22",
        organization = "",
        pages        = "4084-4091",
        publisher    = "",
        school       = "",
        series       = "",
        title        = "{A comparison study: applying segmentation to array CGH data for downstream analyses}",
        type         = "",
        volume       = "21",
	year         = "2005"}

@article{HMMaCGH,
        address      = "",
        annote       = "",
        author       = "Fridlyand, Jane and Snijders, Antoine M. and Pinkel, Dan and Albertson, Donna G. and Jain, Ajay N.",
        booktitle    = "",
        chapter      = "",
        edition      = "",
        editor       = "",
        howpublished = "",
        institution  = "",
        journal      = "Journal of Multivariate Analysis",
        key          = "",
        month        = "",
        note         = "",
        number       = "",
        organization = "",
        pages        = "132-153",
        publisher    = "",
        school       = "",
        series       = "",
        title        = "{Hidden Markov models approach to the analysis of array CGH data}",
        type         = "",
        volume       = "90",
	year         = "2004"}

@book{LinModR,
        address      = "",
        annote       = "",
        author       = "Faraway, Julian",
        booktitle    = "",
        chapter      = "",
        edition      = "",
        editor       = "",
        howpublished = "",
        institution  = "",
        journal      = "",
        key          = "",
        month        = "",
        note         = "",
        number       = "",
        organization = "",
        pages        = "",
        publisher    = "Chapman and Hall",
        school       = "",
        series       = "",
        title        = "",
        type         = "",
        volume       = "",
	year         = ""}

@book{TheBootstrap,
        address      = "New York",
        annote       = "",
        author       = "Efron, B. and Tibshirani, R.",
        booktitle    = "",
        chapter      = "",
        edition      = "",
        editor       = "",
        howpublished = "",
        institution  = "",
        journal      = "",
        key          = "",
        month        = "",
        note         = "",
        number       = "",
        organization = "",
        pages        = "",
        publisher    = "Chapman 85 Hall, Inc.",
        school       = "",
        series       = "Monographs on Statistics and Applied Probability",
        title        = "An introduction to the bootstrap",
        type         = "",
        volume       = "57",
	year         = "1993"}

@book{Good:Tests,
        address      = "",
        annote       = "",
        author       = "Good, Phillip I.",
        booktitle    = "",
        chapter      = "",
        edition      = "",
        editor       = "",
        howpublished = "",
        institution  = "",
        journal      = "",
        key          = "",
        month        = "",
        note         = "",
        number       = "",
        organization = "",
        pages        = "",
        publisher    = "Springer-Verlag",
        school       = "",
        series       = "Springer Series in Statistics",
        title        = "{Permutation, Parametric, and Bootstrap Tests of Hypothesis}",
        type         = "",
        volume       = "",
	year         = "2005"}

@article{Pauling:SickleCell,
        address      = "",
        annote       = "",
        author       = "Itano, HA and Pauling, Linus",
        booktitle    = "",
        chapter      = "",
        edition      = "",
        editor       = "",
        howpublished = "",
        institution  = "",
        journal      = "Federation Proc",
        key          = "",
        month        = "",
        note         = "",
        number       = "209",
        organization = "",
        pages        = "",
        publisher    = "",
        school       = "",
        series       = "",
        title        = "Difference in electrophoretic behavior of sickle cell hemoglobin and normal human hemoglobin",
        type         = "",
        volume       = "8",
	year         = "1949"}

@article{Olshen:CNA,
        address      = "",
        annote       = "",
        author       = "Olshen, A. B. and others",
        booktitle    = "",
        chapter      = "",
        edition      = "",
        editor       = "",
        howpublished = "",
        institution  = "",
        journal      = "Biostatistics",
        key          = "",
        month        = "",
        note         = "",
        number       = "",
        organization = "",
        pages        = "557--572",
        publisher    = "",
        school       = "",
        series       = "",
        title        = "Circular binary segmentation for the analysis of array-based DNA copy number data",
        type         = "",
        volume       = "5",
	year         = "2004"}

@article{Hupe:CNA,
        address      = "",
        annote       = "",
        author       = "Hupe, P. and others",
        booktitle    = "",
        chapter      = "",
        edition      = "",
        editor       = "",
        howpublished = "",
        institution  = "",
        journal      = "Bioinformatics",
        key          = "",
        month        = "",
        note         = "",
        number       = "",
        organization = "",
        pages        = "3413--3422",
        publisher    = "",
        school       = "",
        series       = "",
        title        = "Analysis of array {CGH} data: from signal ratio to gain and loss of {DNA} regions",
        type         = "",
        volume       = "20",
	year         = "2004"}

@article{Matsuzaki:100K,
        address      = "",
        annote       = "",
        author       = "Matsuzaki, H. and Dong, S. and Loi, H. and Di, X. and Liu, G. and others",
        booktitle    = "",
        chapter      = "",
        edition      = "",
        editor       = "",
        howpublished = "",
        institution  = "",
        journal      = "Nat Methods",
        key          = "",
        month        = "",
        note         = "",
        number       = "",
        organization = "",
        pages        = "109--111",
        publisher    = "",
        school       = "",
        series       = "",
        title        = "Genotyping of over 100,000 SNPs on a pair of oligonucleotide arrays",
        type         = "",
        volume       = "1",
	year         = "2004"}

@article{LF:ASCN,
        address      = "",
        annote       = "",
        author       = "LaFramboise, Thomas and Weir, B. A. and Zhao, X. and Beroukhim, R. and Li, C. and others",
        booktitle    = "",
        chapter      = "",
        edition      = "",
        editor       = "",
        howpublished = "",
        institution  = "",
        journal      = "PLoS Comput Biol",
        key          = "",
        month        = "",
        note         = "",
        number       = "6",
        organization = "",
        pages        = "",
        publisher    = "",
        school       = "",
        series       = "",
        title        = "Allele-specific amplification in cancer revealed by SNP array analysis",
        type         = "",
        volume       = "1",
	year         = "2005"}

@article{Zhao:CNA,
        address      = "",
        annote       = "",
        author       = "Zhao, X. and Weir, B. A. and LaFramboise, T. and Lin, M. and Beroukhim, R. and others",
        booktitle    = "",
        chapter      = "",
        edition      = "",
        editor       = "",
        howpublished = "",
        institution  = "",
        journal      = "Cancer Res",
        key          = "",
        month        = "",
        note         = "",
        number       = "",
        organization = "",
        pages        = "5561--5570",
        publisher    = "",
        school       = "",
        series       = "",
        title        = "Genomic alterations in human lung carcinomas revealed by single nucleotide polymorphism (SNP) array anaylsis",
        type         = "",
        volume       = "65",
	year         = "2005"}

@article{RLMM,
        address      = "",
        annote       = "",
        author       = "Rabbee, Nusrat and Speed, Terence P.",
        booktitle    = "",
        chapter      = "",
        edition      = "",
        editor       = "",
        howpublished = "",
        institution  = "",
        journal      = "Bioinformatics",
        key          = "",
        month        = "",
        note         = "",
        number       = "1",
        organization = "",
        pages        = "7-12",
        publisher    = "",
        school       = "",
        series       = "",
        title        = "A genotype calling algorithm for affymetrix SNP arrays",
        type         = "",
        volume       = "22",
	year         = "2006"}

@book{GLMEM,
        address      = "",
        annote       = "",
        author       = "McCulloch and Searle",
        booktitle    = "",
        chapter      = "",
        edition      = "",
        editor       = "",
        howpublished = "",
        institution  = "",
        journal      = "",
        key          = "",
        month        = "",
        note         = "",
        number       = "",
        organization = "",
        pages        = "",
        publisher    = "",
        school       = "",
        series       = "",
        title        = "Generalized, Linear, and Mixed Effects Models",
        type         = "",
        volume       = "",
	year         = ""}

@article{CGHcomp,
        address      = "",
        annote       = "",
        author       = "Carter, N. P. and Fiegler, H. and Piper, J.",
        booktitle    = "",
        chapter      = "",
        edition      = "",
        editor       = "",
        howpublished = "",
        institution  = "",
        journal      = "Cytometry",
        key          = "",
        month        = "",
        note         = "",
        number       = "2",
        organization = "",
        pages        = "43-48",
        publisher    = "",
        school       = "",
        series       = "",
        title        = "Comparative analysis of comparative genomic hybridization microarray technologies: Report of a workshop sponsored by the Wellcome Trust",
        type         = "",
        volume       = "49",
	year         = "2002"}

@article{CGHresolution,
        address      = "",
        annote       = "",
        author       = "Kirchhoff, M. and Gerdes, T. and Maahr, H. and Rose, H. and Bentz, M. and Dohner, H. and Lundsteen, C.",
        booktitle    = "",
        chapter      = "",
        edition      = "",
        editor       = "",
        howpublished = "",
        institution  = "",
        journal      = "Genes Chromosomes Cancer",
        key          = "",
        month        = "",
        note         = "",
        number       = "",
        organization = "",
        pages        = "410-413",
        publisher    = "",
        school       = "",
        series       = "",
        title        = "Deletions below 10 megabasepairs are detected in comparative genomic hybridization by standard reference intervals",
        type         = "",
        volume       = "25",
	year         = "1999"}

@book{VarComp,
        address      = "",
        annote       = "",
        author       = "McCulloch and Searle",
        booktitle    = "",
        chapter      = "",
        edition      = "",
        editor       = "",
        howpublished = "",
        institution  = "",
        journal      = "",
        key          = "",
        month        = "",
        note         = "",
        number       = "",
        organization = "",
        pages        = "",
        publisher    = "",
        school       = "",
        series       = "",
        title        = "Variance Components",
        type         = "",
        volume       = "",
	year         = ""}

@book{LongData,
        address      = "",
        annote       = "",
        author       = "Diggle and Liang and Leger",
        booktitle    = "",
        chapter      = "",
        edition      = "",
        editor       = "",
        howpublished = "",
        institution  = "",
        journal      = "",
        key          = "",
        month        = "",
        note         = "",
        number       = "",
        organization = "",
        pages        = "",
        publisher    = "",
        school       = "",
        series       = "",
        title        = "Analysis of Longitudinal Data",
        type         = "",
        volume       = "",
	year         = ""}

@article{REM4LongData,
        address      = "",
        annote       = "",
        author       = "Laird and Wave",
        booktitle    = "",
        chapter      = "",
        edition      = "",
        editor       = "",
        howpublished = "",
        institution  = "",
        journal      = "Biometrics",
        key          = "",
        month        = "",
        note         = "",
        number       = "",
        organization = "",
        pages        = "963-974",
        publisher    = "",
        school       = "",
        series       = "",
        title        = "Random Effects Models for Longitudinal Data",
        type         = "",
        volume       = "",
	year         = "1982"}

@book{Wasserman:AllStats,
        address      = "",
        annote       = "",
        author       = "Wasserman",
        booktitle    = "",
        chapter      = "",
        edition      = "",
        editor       = "",
        howpublished = "",
        institution  = "",
        journal      = "",
        key          = "",
        month        = "",
        note         = "",
        number       = "",
        organization = "",
        pages        = "",
        publisher    = "",
        school       = "",
        series       = "",
        title        = "All of Statistics",
        type         = "",
        volume       = "",
	year         = ""}

@book{Wasserman:AllNon,
        address      = "",
        annote       = "",
        author       = "Wasserman",
        booktitle    = "",
        chapter      = "",
        edition      = "",
        editor       = "",
        howpublished = "",
        institution  = "",
        journal      = "",
        key          = "",
        month        = "",
        note         = "",
        number       = "",
        organization = "",
        pages        = "",
        publisher    = "",
        school       = "",
        series       = "",
        title        = "All of nonparametric statistics",
        type         = "",
        volume       = "",
	year         = ""}

@book{Simonoff:Smoothing,
        address      = "",
        annote       = "",
        author       = "Simonoff",
        booktitle    = "",
        chapter      = "",
        edition      = "",
        editor       = "",
        howpublished = "",
        institution  = "",
        journal      = "",
        key          = "",
        month        = "",
        note         = "",
        number       = "",
        organization = "",
        pages        = "",
        publisher    = "",
        school       = "",
        series       = "",
        title        = "Smoothing methods in statistics",
        type         = "",
        volume       = "",
	year         = ""}

@book{Tibshirani:AdditiveModels,
        address      = "",
        annote       = "",
        author       = "Tibshirani",
        booktitle    = "",
        chapter      = "",
        edition      = "",
        editor       = "",
        howpublished = "",
        institution  = "",
        journal      = "",
        key          = "",
        month        = "",
        note         = "",
        number       = "",
        organization = "",
        pages        = "",
        publisher    = "",
        school       = "",
        series       = "",
        title        = "Additive models",
        type         = "",
        volume       = "",
	year         = ""}

@book{MARS,
        address      = "",
        annote       = "",
        author       = "Friedman, Jerry",
        booktitle    = "",
        chapter      = "",
        edition      = "",
        editor       = "",
        howpublished = "",
        institution  = "",
        journal      = "",
        key          = "",
        month        = "",
        note         = "",
        number       = "",
        organization = "",
        pages        = "",
        publisher    = "",
        school       = "",
        series       = "",
        title        = "Multiple Adaptive Regression Splines",
        type         = "",
        volume       = "",
	year         = ""}

@book{CART,
        address      = "",
        annote       = "",
        author       = "Stone and Friedman",
        booktitle    = "",
        chapter      = "",
        edition      = "",
        editor       = "",
        howpublished = "",
        institution  = "",
        journal      = "",
        key          = "",
        month        = "",
        note         = "",
        number       = "",
        organization = "",
        pages        = "",
        publisher    = "",
        school       = "",
        series       = "",
        title        = "Classification And Regression Trees",
        type         = "",
        volume       = "",
	year         = ""}

