@ARTICLE{MalloryPetes:Tel1,	AUTHOR  = "Mallory, JC and Petes, TD",	TITLE   = "Protein kinase activity of {Tel1p} and {Mec1p}, two {{\em Saccharomyces cerevisiae}} proteins related to the human {ATM} protein kinase",	JOURNAL = "Proc. Natl. Acad. Sci. U.S.A.",	YEAR    = "2000",	VOLUME  = "97",	NUMBER  = "25",	PAGES   = "13749-54"}	@ARTICLE{RitchiePetes:TelomereMaintenence,	AUTHOR  = "Ritchie, KB and Petes, TD",	TITLE   = "The {Mre11p/Rad50p/Xrs2p} complex and the {Tel1p} function in a single pathway for telomere maintenance in yeast",	JOURNAL = "Genetics",	YEAR    = "2000",	VOLUME  = "155",	NUMBER  = "1",	PAGES   = "475-9"}	@ARTICLE{CravenETAL:Tel1Mec1,	AUTHOR  = "Craven, RJ and Greenwell, PW and Dominska, M and Petes, TD",	YEAR    = "2002",	TITLE   = "{Regulation of genome stability by TEL1 and MEC1, yeast homologs of the mammalian ATM and ATR genes}",	JOURNAL = "Genetics",	VOLUME  = "161",	NUMBER  = "2",	PAGES   = "493-507"}	@ARTICLE{NakadaETAL:Tel1Scheck,	AUTHOR  = "Nakada, D and others",	YEAR    = "2003",	TITLE   = "{The ATM-related Tel1 protein of Saccharomyces cerevisiae controls a checkpoint response following phleomycin treatment}",	JOURNAL = "Nucleic Acids Res.",	VOLUME  = "31",	NUMBER  = "6",	PAGES   = "1715-24"}	@ARTICLE{GiannattasioETAL:Tel1G2check,	AUTHOR  = "Giannattasio, M and others",	YEAR    = "2002",	TITLE   = "{A dominant-negative MEC3 mutant uncovers new functions for the Rad17 complex and Tel1}",	JOURNAL = "Proc. Natl. Acad. Sci. U.S.A.",	VOLUME  = "99",	NUMBER  = "20",	PAGES   = "12997-3002"}	@ARTICLE{BLAST,	AUTHOR  = "Altschul, SF and others",	YEAR    = "1990",	TITLE   = "{Basic local alignment search tool}",	JOURNAL = "J. of Mol. Biol.",	VOLUME  = "215",	PAGES   = "403-10"}	@ARTICLE{Ingram:SickleCell,	AUTHOR  = "Ingram, VM",	YEAR    = "1956",	TITLE   = "{A specific chemical difference between the globins of normal human and sickle-cell anaemia haemoglobin}",	JOURNAL = "Nature",	VOLUME  = "178",	NUMBER  = "4537",	PAGES   = "792-4"}	@ARTICLE{Knudson:twohit,	AUTHOR  = "Knudson, AG",	YEAR    = "1971",	TITLE   = "{Mutation and cancer: a statistical study of retinoblastoma}",	JOURNAL = "Proc. Natl. Acad. Sci. U.S.A.",	VOLUME  = "68",	PAGES   = "820-823"}	@ARTICLE{HartwellETAL:cdc1,	AUTHOR  = "Hartwell, Leland H. and Culotti, Joseph and Reid, Brian",	YEAR    = "1970",	TITLE   = "{Genetic Control of the Cell-Division Cycle in Yeast, I. Detection of Mutants}",	JOURNAL = "Proc. Natl. Acad. Sci. U.S.A.",	VOLUME  = "66",	NUMBER  = "2",	PAGES   = "352-9"}	@ARTICLE{EphrussiETAL:cancer,	AUTHOR  = "Ephrussi, B and others",	YEAR    = "1969",	TITLE   = "{Malignancy of somatic cell hybrids}",	JOURNAL = "Nature",	VOLUME  = "224",	NUMBER  = "226",	PAGES   = "1314-6"}	@ARTICLE{Duster:race,	AUTHOR  = "Duster, T.",	YEAR    = "2005",	TITLE   = "{Race and reification in science}",	JOURNAL = "Science",	VOLUME  = "307",	NUMBER  = "5712",	PAGES   = "1050-1"}	@ARTICLE{JordeWooding:race,	AUTHOR  = "Jorde, Lynn B. and Wooding, Stephen P.",	YEAR    = "2004",	TITLE   = "{Genetic variation, classification, and `race'}",	JOURNAL = "Nature Genetics",	VOLUME  = "36",	NUMBER  = "11",	PAGES   = "S28-S33"}	@ARTICLE{ZouETAL:sentinel,	AUTHOR  = "Zou, Ying and Sfeir, Agnel and Gryaznov, Sergei M. and Shay, Jerry W. and Wright, Woodring E.",	YEAR    = "2004",	TITLE   = "{Does a Sentinel or a Subset of Short Telomeres Determine Replicative Senescence?}",	JOURNAL = "Mol. Biol. Cell",	VOLUME  = "15",	PAGES   = "3709Ð3718"}	@ARTICLE{EpelETAL:lifestressedtelomeres,	AUTHOR  = "Epel, Elissa S. and Blackburn, Elizabeth H. and Lin, Jue and Dhabhar, Firdaus S. and Adler, Nancy E. and Morrow, Jason D. and Cawthon, Richard M.",	YEAR    = "2004",	TITLE   = "{Accelerated telomere shortening in response to life stress}",	JOURNAL = "Proc. Natl. Acad. Sci. U.S.A.",	VOLUME  = "101",	NUMBER  = "49",	PAGES   = "17312-17315"}			@BOOK{HartwellETAL:genetics,	AUTHOR  = "Hartwell, Leland H. and others",	YEAR    = "2000",	TITLE   = "{Genetics: from Genes to Genomes}",	PUBLISHER = "McGraw-Hill"}	@BOOK{Lewontin:race,	AUTHOR  = "Lewontin, Richard",	YEAR    = "1995",	TITLE   = "{Human diversity}",	PUBLISHER = "Scientific American Library",	ADDRESS  = "New York"}	@BOOK{Darwin:origin,	AUTHOR  = "Darwin, Charles",	YEAR    = "1859",	TITLE   = "{The Origin of Species}",	PUBLISHER = "Penguin Classics",	ADDRESS  = "New York"}