

@InProceedings{foulley-gautier,
  author = 	 {Jean-Louis Foulley and Mathieu Gautier},
  title = 	 {Detecting selected loci via hierarchical Bayesian models and kindred methodology with an application to SNPs in cattle},
  booktitle = {Statistical Methods for Post-genomic Data workshop, SMPGD'09},
  year = 	 2009,
  address = 	 {AgroParisTech, Paris},
  month = 	 {January}}

@Proceedings{,
  title = 	 {Detecting selected loci via hierarchical Bayesian models and kindred methodology with an application to SNPs in cattle},
  year = 	 {2009},
  OPTkey = 	 {},
  OPTbooktitle = {},
  OPTeditor = 	 {},
  OPTvolume = 	 {},
  OPTnumber = 	 {},
  OPTseries = 	 {},
  OPTaddress = 	 {},
  OPTmonth = 	 {},
  OPTorganization = {},
  OPTpublisher = {},
  OPTnote = 	 {},
  OPTannote = 	 {}
}

@Article{hastings,
  author = 	 {W. K. Hastings},
  title = 	 {Monte Carlo sampling methods using {M}arkov chains and their applications},
  journal = 	 {Biometrika},
  year = 	 1970,
  volume = 	 57,
  number = 	 1,
  pages = 	 {97-109}}

@Article{metropolis,
  author = 	 {N. Metropolis and A. W. Rosenbluth and M. N. Rosenbluth and A. H. Teller and E. Teller},
  title = 	 {Equations of State Calculations by Fast Computing Machines},
  journal = 	 {Journal of Chemical Physics},
  year = 	 1953,
  volume = 	 21,
  number = 	 6,
  pages = 	 {1087-1092}}

@Article{Wright,
  author = 	 {Sewall Wright},
  title = 	 {Evolution in Mendelian populations.},
  journal = 	 {Genetics},
  year = 	 1931,
  volume = 	 16,
  pages = 	 {97-159}}

@Manual{animation,
    title = {animation: Demonstrate Animations in Statistics},
    author = {Yihui Xie},
    year = {2009},
    note = {R package version 1.0-4},
    url = {http://animation.yihui.name},
  }



@Article{winbugs,
  author = 	 {W. R. Gilks and A. Thomas and D. J. Spiegelhalter},
  title = 	 {A language and program for complex {B}ayesian modeling},
  journal = 	 {The Statistician},
  year = 	 1994,
  volume = 	 43,
  pages = 	 {169--178}}

@Book{bayesian_data_analysis,
  author = 	 {A. Gelman and J. B. Carlin and H. S. Stern and D. B. Rubin},
  title = 	 {Bayesian Data Analysis},
  publisher = 	 {CRC Press},
  year = 	 2003,
  address = 	 {London},
  edition = 	 {Second}}

@Article{pppvalues,
  author = 	 {A. Gelman and X. L. Meng and H. S. Stern},
  title = 	 {Posterior predictive assessment of model fitness via realized discrepancies (with discussion)},
  journal = 	 {Statist. Sinica},
  year = 	 1996,
  volume = 	 6,
  pages = 	 {733-760}}

@article{R-Forge,
  author = {Stefan Theu\ss{}l and Achim Zeileis},
  title = {{Collaborative Software Development Using R-Forge}},
  journal = {The R Journal},
  year = 2009,
  volume = 1,
  number = 1,
  pages = {9--14},
  month = {May},
  url = {http://journal.r-project.org/2009-1/RJournal_2009-1_Theussl+Zeileis.pdf}
}
@Article{Beaumont-Balding,
  author = 	 {Mark A. Beaumont and David J. Balding},
  title = 	 {Identifying adaptive genetic divergence among populations from genome scans},
  journal = 	 {Molecular Ecology},
  year = 	 2004,
  volume = 	 13,
  pages = 	 {969-980}}
@Manual{R,
    title = {R: A Language and Environment for Statistical Computing},
    author = {{R Development Core Team}},
    organization = {R Foundation for Statistical Computing},
    address = {Vienna, Austria},
    year = {2009},
    note = {{ISBN} 3-900051-07-0},
    url = {http://www.R-project.org},
  }
@Article{Nicholson,
  author = 	 {George Nicholson and Albert V. Smith and Frosti J\'onsson and \'Omar G\'ustafsson and K\'ari Stef\'ansson and Peter Donnelly},
  title = 	 {Assessing population differentiation and isolation from single-nucleotide polymorphism data},
  journal = 	 {J. R. Statist. Soc.},
  year = 	 2002,
  volume = 	 64,
  pages = 	 {695-715}}
  @Manual{lattice,
    title = {lattice: Lattice Graphics},
    author = {Deepayan Sarkar},
    year = {2009},
    note = {R package version 0.17-25},
    url = {http://CRAN.R-project.org/package=lattice},
  }

  @Manual{ggplot2,
    title = {ggplot2: An implementation of the Grammar of Graphics},
    author = {Hadley Wickham},
    year = {2009},
    note = {R package version 0.8.3},
    url = {http://CRAN.R-project.org/package=ggplot2},
  }
